@Article{Ballard1981,
  author = 	 {D.H. Ballard},
  title = 	 {Generalizing the Hough Transformation to detect arbitrary Shapes},
  journal = 	 {Pattern Recognition},
  year = 	 {1981},
  OPTkey = 	 {},
  volume = 	 {13},
  OPTnumber = 	 {},
  pages = 	 {111-122},
  OPTmonth = 	 {},
  OPTnote = 	 {},
  OPTannote = 	 {}
}

@InProceedings{Belongie2001,
  author = 	 {S Belongie and J Malik and J Puzicha},
  title = 	 {Matching Shapes},
  OPTcrossref =  {},
  OPTkey = 	 {},
  OPTbooktitle = {},
  pages = 	 {454-461},
  year = 	 {2001},
  editor = 	 {Proceedings off the 8-th IEEE International Conference on Computer Vision ICCV},
  volume = 	 {1},
  OPTnumber = 	 {},
  OPTseries = 	 {},
  OPTaddress = 	 {},
  OPTmonth = 	 {},
  OPTorganization = {},
  OPTpublisher = {},
  OPTnote = 	 {},
  OPTannote = 	 {}
}

@Article{Belongie2002,
  author = 	 {Serge Belongie and Jitendra Malik and Jan Puzicha},
  title = 	 {Shape matching and object recognition using shape contexts},
  journal = 	 {IEEE Transactions on Pattern Analysis and Machine Intelligence},
  year = 	 {2002},
  OPTkey = 	 {},
  volume = 	 {24},
  number = 	 {24},
  pages = 	 {509-522},
  month = 	 {april},
  note = 	 {Available at http://www.cs.berkeley.edu/~malik/papers/BMP-shape.pdf},
  OPTannote = 	 {}
}


@InProceedings{Bottou1994,
  author = 	 {L. Bottou and C. Cortes and J. Denker and H. Drucker and L. Guyon and L. Jackel and Y. LeCun and U. Muller and E. Sackinger and P. Simard and V. Vapnik},
  title = 	 {Comparison of classifier methods: a case study in handwritten digit recognition},
  OPTcrossref =  {},
  OPTkey = 	 {},
  booktitle = {Proccedings of the 12th IAPR International Conference on Pattern Recognition},
  pages = 	 {77-82},
  year = 	 {1994},
  OPTeditor = 	 {},
  volume = 	 {2},
  OPTnumber = 	 {},
  OPTseries = 	 {},
  OPTaddress = 	 {},
  OPTmonth = 	 {},
  organization = {Proc. 12th IAPR Int. Conf. Pattern Recognition},
  OPTpublisher = {},
  OPTnote = 	 {},
  OPTannote = 	 {}
}

@InProceedings{Cheng-Lin2002,
  author = 	 {Liu Cheng-Lin and K Nakashima and H Sako and H Fujisawa},
  title = 	 {Handwritten Digit Recognition Using State-of-the-art Techniques.},
  OPTcrossref =  {},
  OPTkey = 	 {},
  OPTbooktitle = {},
  pages = 	 {320-325},
  year = 	 {2002},
  editor = 	 {Proceedings of the 8-th International Workshop on Frontiers in Handwritten Recognition},
  OPTvolume = 	 {},
  OPTnumber = 	 {},
  OPTseries = 	 {},
  address = 	 {Ontario, Canada.},
  month = 	 {August},
  OPTorganization = {},
  OPTpublisher = {},
  OPTnote = 	 {},
  OPTannote = 	 {}
}

@inproceedings{Ehrenmann2000,
  AUTHOR	= {Markus Ehrenmann and Despina Ambela and Peter Steinhaus and Rudiger Dillmann},
  TITLE		= {A comparison of four fast vision based object recognition methods for programing by demonstration applications},
  BOOKTITLE	= {Proceedings of the IEEE International Conference on Robotics \& Automation},
  MONTH		= {April},
  ADDRESS	= {San Francisco, CA. USA},
  PAGES		= {1862-1867},
  YEAR		= 2000}

@inproceedings{jonathan2001,
  AUTHOR	= {Jonathan {Wu Q.M}. and M.F. {Ricky Lee} and Clarence W. {de Silva}},
  TITLE		= {Intelligent {3-D} Sensing in Automated Manufacturing Processes},
  BOOKTITLE	= {Proceedings IEEEASME International Conference on Advanced Intelligent Mechatronics},
  OPTMONTH	=,
  ADDRESS	= {Italy},
  PAGES		= {366-370},
  YEAR		= 2001}
}

@inproceedings{kim1999,
  AUTHOR	= {Kim, J.Y and H.S. Cho},
  TITLE		= {A vision Based Error-Corrective Algorithm for Flexible Parts Assembly},
  BOOKTITLE	= {Proceedings of the IEEE International Symposium on Assembly and Task Planning},
  OPTMONTH		= ,
  ADDRESS	= {Portugal},
  PAGES		= {205-210.},
  YEAR		= 1999}

@inproceedings{lee2001,
  AUTHOR	= {Lee S.J and K. Kim and D.-H. Kim and J.-O. Park and G.T. Park.},
  TITLE		= {Recognizing and Tracking of {3-D} Shaped Micro Parts Using Multiple Visions for Micromanipulation.},
  BOOKTITLE	= {IEEE International Symposium on Micromechatronics and Human Science},
  OPTMONTH		= ,
  OPTADDRESS	= {},
  PAGES		= {203-210},
  YEAR		= 2001 }

@Misc{Feynman1959,
  author = 	 {R.P. Feynman},
  title = 	 {There's Plenty of Room at the Bottom},
  howpublished = {A speech given at the annual meeting of the American Physical Society},
  month = 	 {December},
  year = 	 {1959},
  note = 	 {Available on the web at http://www.zyvex.com/nanotech/feynman.html},
}

@Article{Friedrich1994,
  author = 	 {C.R. Friedrich and S.D. Kang},
  title = 	 {Micro heat exchangers fabricated by diamond machining},
  journal = 	 {Precision Engineering},
  year = 	 {1994},
  OPTkey = 	 {},
  volume = 	 {16},
  OPTnumber = 	 {},
  pages = 	 {56-59},
  OPTmonth = 	 {},
  OPTnote = 	 {},
  OPTannote = 	 {}
}

@Book{Gonzalez1987,
  author = 	 {R.C. Gonzalez and P. Wintz},
  OPTALTeditor = {},
  OPTtitle = 	 {},
  publisher = 	 {Addison-Wesley},
  year = 	 {1987},
  OPTkey = 	 {},
  OPTvolume = 	 {},
  OPTnumber = 	 {},
  OPTseries = 	 {},
  OPTaddress = 	 {},
  edition = 	 {second},
  OPTmonth = 	 {},
  OPTnote = 	 {},
  OPTannote = 	 {}
}

@inproceedings{simard2003,
  AUTHOR	= {P.Y. Simard and D. Steinkraus and J.C. Platt},
  TITLE		= {Best practices for convolution neural networks applied to visual document analysis},
  BOOKTITLE	= {International Conference on Document Analysis and Recognition (ICDAR). IEEE Computer Society},
  OPTMONTH		= ,
  ADDRESS	= {Los Alamitos, USA},
  PAGES		= {958­-962},
  YEAR		= 2003 }

@book{Groover,
  AUTHOR	= {Mikell P. Groover},
  TITLE		= {Fundamentos de manufatura moderna. Materiales, procesos y sistemas},
  OPTADDRESS	= {},
  PUBLISHER	= {Prentice Hall},
  YEAR		= {}
}

@PhdThesis{Hagedoom2000,
  author = 	 {M. Hagedoom},
  title = 	 {Patter matching using similarity measures},
  school = 	 {Utrecht University},
  year = 	 {2000},
  OPTkey = 	 {},
  OPTtype = 	 {},
  address = 	 {Netherlands},
  OPTmonth = 	 {},
  OPTnote = 	 {},
  OPTannote = 	 {}
}

@techreport{reportATIP96,
  OPTAUTHOR	= {},
  TITLE		= {Some Micro Machine Activities in Japan},
  OPTINSTITUTION	= ,
  OPTTYPE		= {},
  NUMBER	= {ATIP96.021},
  OPTADDRESS	= ,
  OPTMONTH		= ,
  YEAR		= 1996,
  NOTE          = {Report ATIP96.021}

@inproceedings{ofeifer2002,
  AUTHOR	= {T. Ofeifer and G. Dussler},
  TITLE		= {Process observation for the assembly of hybrid microsystems},
  BOOKTITLE	= {IEEE International Sysposium on Micromechatronics and Human Science},
  OPTMONTH		= ,
  ADDRESS	= {},
  pages		= {117-123},
  YEAR		= {2002}

@InProceedings{Hoque2000,
  author = 	 {Hoque M S and Fairhurst M C},
  title = 	 {A Moving Window Classifier for Off-line Character Recognition},
  OPTcrossref =  {},
  OPTkey = 	 {},
  OPTbooktitle = {},
  pages = 	 {595-600},
  year = 	 {2000},
  editor = 	 {Proceedings of 7-th International Workshop on Frontiers in Handwriting Recognition},
  OPTvolume = 	 {},
  OPTnumber = 	 {},
  OPTseries = 	 {},
  OPTaddress = 	 {},
  OPTmonth = 	 {},
  OPTorganization = {},
  OPTpublisher = {},
  OPTnote = 	 {},
  OPTannote = 	 {}
}

@Article{Hubel1965,
  author = 	 {D. Hubel, T. Wiesel},
  title = 	 {Receptive fields and functional architecture in two nonstriate visual areas (18 and 19) of the cat},
  journal = 	 {Journal on Neurophysiology},
  year = 	 {1965},
  OPTkey = 	 {},
  volume = 	 {28},
  number = 	 {2},
  pages = 	 {229-289},
  OPTmonth = 	 {},
  OPTnote = 	 {},
  OPTannote = 	 {}
}

@patent{Schwartz1984,
  AUTHOR	= {R. Schwartz},
  TITLE		= {Método Schwartz. Pat. USA 4433912 05B19/405},
  NOTE          = {Method and a circuit for determining a contour in an image Pub I.28.02.84},
  YEAR		= 1984}

@book{ImageProcc1999,
 author = {Maria Petrou and Panagiota Bosdogianni},
 title = {Image Processing: The Fundamentals},
 year = {1999},
 isbn = {0471998834},
 publisher = {John Wiley \& Sons, Inc.},
 address = {New York, NY, USA},
 }

@Book{IndustrialAutomation1987,
  author = 	 {Jon Stenerson},
  OPTALTeditor = 	 {},
  title = 	 {Industrial Automation and Process Control},
  publisher = 	 {Prentice Hall},
  year = 	 {2002},
  OPTkey = 	 {},
  OPTvolume = 	 {},
  OPTnumber = 	 {},
  OPTseries = 	 {},
  OPTaddress = 	 {},
  edition = 	 {first},
  month = 	 {September 17},
  OPTnote = 	 {},
  OPTannote = 	 {},
  ISBN =           {0130330302}
}

@Article{Ishihara1996,
  author = 	 {H. Ishihara and F. Arai and T. Fukuda},
  title = 	 {Micro mechatronics and micro actuators},
  journal = 	 {IEEE/ASME Transaction of Mechatronics},
  year = 	 {1996},
  OPTkey = 	 {},
  volume = 	 {1},
  OPTnumber = 	 {},
  pages = 	 {68-79},
  OPTmonth = 	 {},
  OPTnote = 	 {},
  OPTannote = 	 {}
}

@InProceedings{Ishikawa1997,
  author = 	 {Yu Ishikawa and T. Kitahara},
  title = 	 {Present and future of micromechatronics},
  OPTcrossref =  {},
  OPTkey = 	 {},
  booktitle =    {International Symposium on Micro Machine and Human Science},
  pages = 	 {13-20},
  OPTyear = 	 {},
  OPTeditor = 	 {},
  OPTvolume = 	 {},
  OPTnumber = 	 {},
  OPTseries = 	 {},
  OPTaddress = 	 {},
  OPTmonth = 	 {},
  OPTorganization = {},
  OPTpublisher = {},
  OPTnote = 	 {},
  OPTannote = 	 {}
}

@InProceedings{Kefalea1997,
  author = 	 {E. Kefalea and O. Rehse and v.d. Malsburg},
  title = 	 {Object Classification Based on Contours with Elastic Graph Matching},
  OPTcrossref =  {},
  OPTkey = 	 {},
  booktitle =    {Proccedings of the 3rd International Workshop on Visual Form},
  OPTpages = 	 {},
  year = 	 {1997},
  OPTeditor = 	 {},
  OPTvolume = 	 {},
  OPTnumber = 	 {},
  OPTseries = 	 {},
  address = 	 {Singapure},
  OPTmonth = 	 {},
  OPTorganization = {},
  OPTpublisher = {},
  OPTnote = 	 {},
  OPTannote = 	 {}
}

@book{Kulkarni1994,
  AUTHOR	= {Arun D. Kulkarni},
  TITLE		= {Artificial Neural Networks for Image Understanding},
  OPTADDRESS	= {},
  PUBLISHER	= {Van Nostrand Reinhold},
  YEAR		= 1994 }

@InProceedings{LeCun1998,
  author = 	 {Y LeCun and L Bottou and Y Bengio and P Haffner},
  title = 	 {Gradient-based Learning Applied to Document Recognition},
  OPTcrossref =  {},
  OPTkey = 	 {},
  OPTbooktitle = {},
  pages = 	 {2278-2344},
  year = 	 {1998},
  editor = 	 {Proceeding of the IEEE},
  volume = 	 {86},
  number = 	 {11},
  OPTseries = 	 {},
  OPTaddress = 	 {},
  OPTmonth = 	 {},
  OPTorganization = {},
  OPTpublisher = {},
  OPTnote = 	 {},
  OPTannote = 	 {}
}

@Book{LearningKClassifiers2001,
  author = 	 {R. Herbrich},
  OPTALTeditor = {},
  title = 	 {Learning Kernel Classifiers: Theory and Algorithms},
  publisher = 	 {MIT Press},
  year = 	 {2001},
  ISBN =         {0-262-08306-X},
  OPTkey = 	 {},
  OPTvolume = 	 {},
  OPTnumber = 	 {},
  OPTseries = 	 {},
  OPTaddress = 	 {},
  OPTedition = 	 {},
  OPTmonth = 	 {},
  OPTnote = 	 {},
  OPTannote = 	 {}
}

@Article{Lee1999,
  author = 	 {Sun-Ho Lee and Hyun-Ki Hong and Jong-Soo Choi},
  title = 	 {A study on assembly part recognition using part-based superquadratic model},
  journal = 	 {IEEE},
  year = 	 {1999},
  OPTkey = 	 {},
  OPTvolume = 	 {},
  OPTnumber = 	 {},
  pages = 	 {78-82},
  OPTmonth = 	 {},
  OPTnote = 	 {},
  OPTannote = 	 {}
}

@InProceedings{Lee1999TENCON,
  author = 	 {Sun-Ho Lee and Hyun-Ki Hong and Jong-Soo Choi},
  title = 	 {Assembly part recognition using part-based superquadric model},
  OPTcrossref =  {},
  OPTkey = 	 {},
  booktitle = {IEEE TENCON},
  pages = 	 {479-482},
  year = 	 {1999},
  OPTeditor = 	 {},
  OPTvolume = 	 {},
  OPTnumber = 	 {},
  OPTseries = 	 {},
  OPTaddress = 	 {},
  OPTmonth = 	 {},
  OPTorganization = {},
  OPTpublisher = {},
  OPTnote = 	 {},
  OPTannote = 	 {}
}

@Book{MEMSandMOEMS2000,
  OPTALTauthor = {},
  editor = 	 {P. Rai-Choudhury},
  title = 	 {MEMS and MOEMS Technology and Applications},
  publisher = 	 {SPIE--the International Society for Optical Engineering},
  year = 	 {2000},
  OPTkey = 	 {},
  OPTvolume = 	 {},
  OPTnumber = 	 {},
  OPTseries = 	 {},
  OPTaddress = 	 {},
  OPTedition = 	 {},
  month = 	 {December 1},
  OPTnote = 	 {},
  OPTannote = 	 {},
  ISBN =         {0819437166} 
}

@Book{MEMShandbook,
  OPTALTauthor = 	 {},
  editor = 	 {Mohamed Gad-el-Hak},
  title = 	 {The MEMS Handbook},
  publisher = 	 {CRC},
  year = 	 {2001},
  OPTkey = 	 {},
  OPTvolume = 	 {},
  OPTnumber = 	 {},
  OPTseries = 	 {},
  OPTaddress = 	 {},
  edition = 	 {first},
  month = 	 {september 27},
  OPTnote = 	 {},
  OPTannote = 	 {},
  ISBN =         {0-8493-0077-0}
},
  year =2006},
  note =This is an electronic document published under Creative Commons
Attribution-NonCommercial 2.5 License
 (\url{http://creativecommons.org/licenses/by-nc/2.5/legalcode})},
  url =http://memscyclopedia.org/introMEMS.html}
}

@Misc{MEMSmarket1994,
  OPTkey = 	 {},
  author = 	 {System Planing Corporation},
  title = 	 {MEMS and SPC market study},
  OPThowpublished = {},
  OPTmonth = 	 {},
  year = 	 {1994},
  OPTnote = 	 {},
  OPTannote = 	 {}
}

@Book{MEMSprincAndTech,
  OPTALTauthor = 	 {},
  editor = 	 {T Fukuda and W Menz},
  title = 	 {Micro Mechanical Systems: Principles and Technology},
  publisher = 	 {Elsevier},
  year = 	 {1998},
  pages =        {268},
  OPTkey = 	 {},
  OPTvolume = 	 {},
  OPTnumber = 	 {},
  OPTseries = 	 {},
  address = 	 {Amsterdam},
  OPTedition = 	 {},
  OPTmonth = 	 {},
  OPTnote = 	 {},
  OPTannote = 	 {}
}


@Misc{MNIST,
  OPTkey = 	 {},
  author = 	 {Yann LeCun and Corinna Cortes},
  title = 	 {The {MNIST} database},
  OPThowpublished = {},
  OPTmonth = 	 {},
  year = 	 {1998},
  OPTnote = 	 {},
  OPTurl     =      {http://yann.lecun.com/exdb/mnist},
  note    =      {Available in the web at \url{http://yann.lecun.com/exdb/mnist}},
  OPTannote = 	 {}
}

@Book{Maluf1999,
  author = 	 {Nadim Maluf},
  OPTALTeditor = 	 {},
  title = 	 {An introduction to Microelectromechanical Systems Engineering},
  OPTpublisher = 	 {},
  year = 	 {1999},
  OPTkey = 	 {},
  OPTvolume = 	 {},
  OPTnumber = 	 {},
  OPTseries = 	 {},
  OPTaddress = 	 {},
  edition = 	 {First},
  month = 	 {december},
  OPTnote = 	 {},
  OPTannote = 	 {}
}

@InProceedings{Mazuzawa1991,
  author = 	 {T Mazuzawa},
  title = 	 {An approch to micromachining through machine tool technology},
  OPTcrossref =  {},
  OPTkey = 	 {},
  booktitle =    {Procedings of 2nd International Symposium of Micro Machine and Human Science},
  pages = 	 {47-52},
  year = 	 {1991},
  OPTeditor = 	 {},
  OPTvolume = 	 {},
  OPTnumber = 	 {},
  OPTseries = 	 {},
  address = 	 {Nagoya, Japan},
  OPTmonth = 	 {},
  OPTorganization = {},
  OPTpublisher = {},
  OPTnote = 	 {},
  OPTannote = 	 {}
}

@Book{MethAndProcForVerifNN2006,
  ALTauthor = 	 {},
  editor = 	 {Brian J. Taylor},
  title = 	 {Methods and Procedures for the Verification and Validation of Artificial Neural Networks},
  publisher = 	 {Springer},
  year = 	 {2006},
  ISBN =         {978-0-387-28288-6},
  OPTkey = 	 {},
  OPTvolume = 	 {},
  OPTnumber = 	 {},
  OPTseries = 	 {},
  OPTaddress = 	 {},
  OPTedition = 	 {},
  OPTmonth = 	 {},
  OPTnote = 	 {},
  OPTannote = 	 {}
}

@Book{NNcomprehensivefund1999,
  author = 	 {S. Haykin},
  ALTeditor = 	 {},
  title = 	 {Neural networks: A comprehensive foundation},
  publisher = 	 {Prentice Hall},
  year = 	 {1999},
  OPTkey = 	 {},
  OPTvolume = 	 {},
  OPTnumber = 	 {},
  OPTseries = 	 {},
  OPTaddress = 	 {},
  edition = 	 {second},
  OPTmonth = 	 {},
  OPTnote = 	 {},
  OPTannote = 	 {}
}

@Article{Nakamura2004,
  author = 	 {Kiyomi Nakamura and Hironobu Takano and Tsukata Sakamoto},
  title = 	 {Real-time Face Shape and Position Recognition by a Two-{D} Spreading Associative Neural Network},
  journal = 	 {IEEE},
  year = 	 {2004},
  OPTkey = 	 {},
  OPTvolume = 	 {},
  OPTnumber = 	 {},
  pages = 	 {449-454},
  OPTmonth = 	 {},
  OPTnote = 	 {},
  OPTannote = 	 {}
}

@Misc{ORL,
  OPTkey = 	 {},
  author = 	 {AT\&T Laboratories Cambridge},
  title = 	 {The Database of Faces from the Olivetti Research Laboratory},
  OPThowpublished = {},
  OPTmonth = 	 {},
  OPTyear = 	 {},
  OPTnote = 	 {},
  OPTannote = 	 {},
  url =          {http://www.cl.cam.ac.uk/research/dtg/attarchive/facedatabase.html}
}

@Article{Okazaki2004,
  author = 	 {Yuichi Okazaki and Nozomu Mishima and Kiwamu Ashida},
  title = 	 {Microfactory - Concept, History, and Developments},
  journal = 	 {Journal of Manufacturing Science and Engineering},
  year = 	 {2004},
  OPTkey = 	 {},
  volume = 	 {126},
  number = 	 {},
  pages = 	 {837-844},
  OPTmonth = 	 {},
  OPTnote = 	 {},
  OPTannote = 	 {}
}

@Book{PattRecog1992,
  author = 	 {R.J. Schalkoff},
  ALTeditor = 	 {},
  title = 	 {Pattern recognition: Statistical, structural and neural approaches},
  publisher = 	 {John Wiley and Sons},
  year = 	 {1992},
  OPTkey = 	 {},
  OPTvolume = 	 {},
  OPTnumber = 	 {},
  OPTseries = 	 {},
  address = 	 {New York},
  OPTedition = 	 {},
  OPTmonth = 	 {},
  OPTnote = 	 {},
  OPTannote = 	 {}
}

@Article{Santa1999,
  author = 	 {Karoly Santa and Sergej Fatikow and Gabor Felso},
  title = 	 {Control of microassembly-robots by using fuzzy-logic and neural networks},
  journal = 	 {Computer in industry. Elsevier},
  year = 	 {1999},
  OPTkey = 	 {},
  volume = 	 {39},
  OPTnumber = 	 {},
  pages = 	 {219-227},
  OPTmonth = 	 {},
  OPTnote = 	 {},
  OPTannote = 	 {}
}


@InProceedings{Sumi2004,
  author = 	 {Yasushi Sumi and Mikko Sallinen and Matti Sirviö and Jukka Väinölä},
  title = 	 {Recognition of large work objects in difficult industrial environments},
  OPTcrossref =  {},
  OPTkey = 	 {},
  booktitle = {Proceedings of the International Conference on Systems, Man and Cybernetics},
  pages = 	 {5285-5289},
  year = 	 {2004},
  OPTeditor = 	 {},
  OPTvolume = 	 {},
  OPTnumber = 	 {},
  OPTseries = 	 {},
  address = 	 {Hague, Netherlands},
  OPTmonth = 	 {},
  organization = {IEEE SMC},
  OPTpublisher = {},
  OPTnote = 	 {},
  OPTannote = 	 {}
}

@Article{Sumi2007,
  author = 	 {Yasushi Sumi and Yutaka Ishiyama and Fumiaka Tomita},
  title = 	 {Robot-vision architecture for real-time 6-{DOF} object localization},
  journal = 	 {Computer Vision and Image Understanding},
  year = 	 {2007},
  OPTkey = 	 {},
  OPTvolume = 	 {},
  OPTnumber = 	 {},
  OPTpages = 	 {},
  OPTmonth = 	 {},
  note = 	 {Article in press. doi:10.1016/j.cviu.2006.11.003},
  OPTannote = 	 {}
}

@Book{SyntacticPattRecog1982,
  author = 	 {K.S. Fu},
  ALTeditor = 	 {},
  title = 	 {Syntactic pattern recognition and application},
  publisher = 	 {Prentice-Hall},
  year = 	 {1982},
  OPTkey = 	 {},
  OPTvolume = 	 {},
  OPTnumber = 	 {},
  OPTseries = 	 {},
  address = 	 {Englewood Cliffs, NJ},
  OPTedition = 	 {},
  OPTmonth = 	 {},
  OPTnote = 	 {},
  OPTannote = 	 {}
}

@InCollection{Tanaka2001,
  author = 	 {Makoto Tanaka},
  title = 	 {Development of desktop machining microfactory},
  booktitle = 	 {RIKEN Review},
  OPTcrossref =  {},
  OPTkey = 	 {},
  pages = 	 {46-49},
  OPTpublisher = {},
  year = 	 {2001},
  OPTeditor = 	 {},
  OPTvolume = 	 {},
  number = 	 {34},
  series = 	 {Focused on Advances on Micro-mechanical Fabrication Techniques},
  OPTtype = 	 {},
  OPTchapter = 	 {},
  OPTaddress = 	 {},
  OPTedition = 	 {},
  month = 	 {April},
  OPTnote = 	 {},
  OPTannote = 	 {}
}

@InProceedings{Torralba2003,
  author = 	 {Antonio Torralba and Kevin P. Murphy and Willian T. Freeman and Mark A. Rubin},
  title = 	 {Context-based vision system for place and object recognition},
  OPTcrossref =  {},
  OPTkey = 	 {},
  booktitle =    {Proceeding of the ninth IEEE International Conference on Computer Vision},
  OPTpages = 	 {},
  year = 	 {2003},
  OPTeditor = 	 {},
  OPTvolume = 	 {},
  OPTnumber = 	 {},
  OPTseries = 	 {},
  OPTaddress = 	 {},
  OPTmonth = 	 {},
  OPTorganization = {},
  OPTpublisher = {},
  OPTnote = 	 {},
  OPTannote = 	 {}
}

@Book{Trimmer1997,
  OPTALTauthor = {},
  editor = 	 {Willian S. Trimmer},
  title = 	 {Micromechanics and MEMS, Classic and Seminal Papers to 1990},
  publisher = 	 {IEEE Press},
  year = 	 {1997},
  ISBN =         {0-7803-1085-3},
  OPTkey = 	 {},
  OPTvolume = 	 {},
  OPTnumber = 	 {},
  OPTseries = 	 {},
  OPTaddress = 	 {},
  OPTedition = 	 {},
  OPTmonth = 	 {},
  OPTnote = 	 {},
  OPTannote = 	 {}
}

@Misc{Wolfe2004,
  OPTkey = 	 {},
  author = 	 {Jeff Wolfe},
  title = 	 {Microtechnology, Changing the world little by little},
  howpublished = {Northwest Science \& Technology},
  month = 	 {Winter},
  year = 	 {2004},
  pages =        {23-27},
  OPTnote = 	 {},
  OPTannote = 	 {}
}

@InProceedings{Yamagata1995,
  author = 	 {Y. Yamagata and T. Higuchi},
  title = 	 {Four axis ultra precision machine tool and fabrication of micro parts by precision cutting technique},
  OPTcrossref =  {},
  OPTkey = 	 {},
  booktitle = {Proceeding 8th International Precision Engineering Seminar},
  pages = 	 {467-470},
  year = 	 {1995},
  OPTeditor = 	 {},
  OPTvolume = 	 {},
  OPTnumber = 	 {},
  OPTseries = 	 {},
  address = 	 {Compiegne, France},
  OPTmonth = 	 {},
  OPTorganization = {},
  OPTpublisher = {},
  OPTnote = 	 {},
  OPTannote = 	 {}
}

@article{bennamoun1997,
  AUTHOR	= {M. Bennamoun and B. Boashash},
  TITLE		= {A structural description based vision system for automatic object recognition},
  JOURNAL	= {IEEE Transactions on Systems, Man and Cybernetics},
  MONTH		= dec,
  VOLUME	= {Part B-27},
  NUMBER	=  6,
  PAGES		= {893-906},
  YEAR		= 1997 }

@inproceedings{bleuler2000,
  AUTHOR	= {H. Bleuler and R. Clavel and J-M. Brequet and H. Langen and E. Pernette},
  TITLE		= {Issues in precision motion control and microhandling},
  BOOKTITLE	= {Procedings of the IEEE International Conference on Robotics Automation},
  OPTMONTH	= {},
  ADDRESS	= {USA},
  PAGES		= {959-964},
  YEAR		= 2000}
}

@article{detter1997,
  AUTHOR	= {H. Detter and M.J. Radjenovic},
  TITLE		= {Recognition of thin, flat microelectromechanical structures for automation of the assembly process},
  JOURNAL	= {Journal of intelligent Manufacturing},
  MONTH		= jun,
  VOLUME	= 8,
  NUMBER	= 3,
  PAGES		= {191-201},
  YEAR		= 1997}

@inproceedings{detter2000,
  AUTHOR	= {H. Detter and G. Popovic},
  TITLE		= {Industrial demands on micromechanical products},
  BOOKTITLE	= {IEEE International Conference on Microelectronics},
  OPTMONTH	= {},
  ADDRESS	= {NIS, Serbia},
  PAGES		= {61-67},
  YEAR		= 2000}

@book{faugeras1993,
  AUTHOR	= {O, Faugeras},
  TITLE		= {Three-dimensional Computer Vision},
  ADDRESS	= {MIT Press},
  PUBLISHER	= {Cambridge, Massachusetts},
  YEAR		= 1993 }

@article{friedrich1996,
  AUTHOR	= {C.R. Friedrich and M.J. Vasile},
  TITLE		= {Development of the micromilling process for high- aspect- ratio microstructures},
  JOURNAL	= {Journal of Microelectromechanical Systems},
  OPTMONTH	= {},
  VOLUME	= {5},
  OPTNUMBER	= {},
  PAGES		= {33-38},
  YEAR		= 1996}
}

@MISC{introMEMS2006,
  author ={Franck Chollet and Haobing Liu},
  title ={A (not so) short introduction to Micro Electro Mechanical
Systems},
  howpublished ={Available in the web at \url{http://memscyclopedia.org/introMEMS.html}},
  month =August}

@book{jain1995,
  AUTHOR	= {R. Jain and B.G. Schunck and R. Kasturi},
  TITLE		= {Machine Vision},
  ADDRESS	= {New York, U.S.A.},
  PUBLISHER	= {McGraw Hill},
  YEAR		= 1995 }


@article{mardanov1999,
  AUTHOR	= {A. Mardanov and J. Seyfried and S. Fatikow},
  TITLE		= {An automated assembly system for a microassembly station},
  JOURNAL	= {Computer in Industry, Elsevier},
  OPTMONTH	= {},
  VOLUME	= {38},
  OPTNUMBER	= {},
  PAGES		= {93-102},
  YEAR		= 1999}

@Book{microlithography1997,
  OPTALTauthor = 	 {},
  editor = 	 {P. Rai-Choundhury},
  title = 	 {Handbook of Microlithography},
  publisher = 	 {SPIE Press},
  year = 	 {1997},
  OPTkey = 	 {},
  volume = 	 {2},
  OPTnumber = 	 {},
  series = 	 {Micromachining and Microfabrication},
  address = 	 {Bellingham. WA.},
  pages =        {622},
  OPTedition = 	 {},
  OPTmonth = 	 {},
  OPTnote = 	 {},
  OPTannote = 	 {}
}

@article{mitzias2004,
  AUTHOR	= {D.A. Mitzias and B.G. Mertzios},
  TITLE		= {A neural multiclassifier system for object recognition in robotic vision applications},
  JOURNAL	= {Measurement, Elsevier},
  OPTMONTH	= {},
  VOLUME	= 36,
  OPTNUMBER	= {},
  PAGES		= {315-330},
  YEAR		= 2004
}

@inproceedings{okazaki2000,
  AUTHOR	= {Okazaki Yuichi and Kitahara Tokio},
  TITLE		= {Micro-Lathe Equipped with Closed-Loop Numerical Control},
  BOOKTITLE	= {Proceedings of the 2-nd International Workshop on Microfactories},
  MONTH		= Oct,
  ADDRESS	= {Switzerland},
  PAGES		= {87-90},
  YEAR		= 2000 }

@inproceedings{ooyama2000,
  AUTHOR	= {N. Ooyama and S. Koka ji and M. Tanaka and et al},
  TITLE		= {Desktop machining microfactory},
  BOOKTITLE	= {Proceedings of the 2nd International Worshop on Microfactories},
  MONTH		= Oct,
  ADDRESS	= {Switzerland},
  PAGES		= {14-17},
  YEAR		= 2000 }

@book{rossenblatt1962,
  AUTHOR	= {F. Rosenblatt},
  TITLE		= {Principles of Neurodynamics},
  ADDRESS	= {New York},
  PUBLISHER	= {Spartan books},
  YEAR		= 1962 }

@PhDThesis{steinhaus1997,
  AUTHOR        = {P. Steinhaus},
  TITLE         = {Prinzipielle Komponenten-Analyse versus multimediale Filterhistogramme},
  YEAR          = 1997,
  MONTH         = jul,
  SCHOOL        = {Universitat Karlsruhe (TH)},
  ADDRESS	= {Germany}
}

@Book{uManufacturingAndnTech2005,
  author = 	 {N. P. Mahalik},
  OPTALTeditor = 	 {},
  title = 	 {Micromanufacturing and nanotechnology: fundamentals, techniques and platforms},
  publisher = 	 {Springer Verlag},
  year = 	 {2005},
  OPTkey = 	 {},
  OPTvolume = 	 {},
  OPTnumber = 	 {},
  OPTseries = 	 {},
  OPTaddress = 	 {},
  OPTedition = 	 {},
  month = 	 {november 15},
  OPTnote = 	 {},
  OPTannote = 	 {}
}

@Unpublished{sobel1968,
  author = 	 {I. Sobel and G. Feldman},
  title = 	 {A 3x3 Isotropic Gradient Operator for Image Processing},
  note = 	 {presented at a talk at the Stanford Artificial Project in 1968, unpublished but often cited, orig. in Pattern Classification and Scene Analysis, Duda, R. and Hart, P., John Wiley and Sons, 1973, pp 271-2},
  OPTkey = 	 {},
  OPTmonth = 	 {},
  year = 	 {1968},
  OPTannote = 	 {}
}

