@string{lmm		= "Micromechanics and Mechatronics Laboratory"}
@string{ccadet	        = "Center of Applied Science and Technology Development"}
@string{unam	        = "National Autonomous University of Mexico"}

@article{Kussul1996JMM,
  AUTHOR	= "Ernst Kussul and Dmitri Rachkovskij and Tatyana Baidyk and Semion Talayev",
  TITLE		= "Micromechanical engineering: a basis for the low cost manufacturing of mechanical microdevices using microequipment",
  JOURNAL	= "Journal of Micromechanics and Microengineering",
  MONTH		= Aug,
  VOLUME	= 6,
  NUMBER	= 4,
  PAGES		= "410-425",
  YEAR		= "1996",
  note          = "doi:10.1088/0960-1317/6/4/008"
}

@article{Kussul2002JMM,
  AUTHOR	= "E. Kussul and T. Baidyk and L. Ruiz-Huerta and A. Caballero and G. Velasco and L. Kasatkina",
  TITLE		= "Development of micromachine tool prototypes for microfactories",
  JOURNAL	= "Journal of Micromechanical and Microengineer",
  MONTH		= Oct,
  VOLUME	= 12,
  NUMBER	= "6",
  PAGES		= "795-812",
  YEAR		= "2002"
}

@article{Kussul2004IVC,
  AUTHOR	= "E. Kussul and T. Baidyk",
  TITLE		= "Improved method of handwritten digit recognition tested on {MNIST} database",
  JOURNAL	= "Image and Vision Computing, ELSEVIER",
  MONTH		= Oct,
  VOLUME	= 22,
  NUMBER	= 12,
  PAGES		= "971-981",
  YEAR		= "2004",
  note          = "doi:10.1016/j.imavis.2004.03.008"}

@TechReport{Artikutsa1991,
  author = 	 {S Artikutsa and T. Baidyk and E Kussul and D Rachkovskij},
  title = 	 {Texture recognition with the neurocomputer},
  institution =  {Institute of Cybernetics},
  year = 	 {1991},
  OPTkey = 	 {},
  type = 	 {Preprint 91-8},
  number = 	 {20},
  address = 	 {Ukraine},
  OPTmonth = 	 {},
  note = 	 {(in Russian)},
  OPTannote = 	 {}
}

@inproceedings{Kussul2002ICVI,
  AUTHOR	= "E. Kussul and T. Baidyk",
  TITLE		= "Improved method of handwritten digit recognition tested on {MNIST} database",
  BOOKTITLE	= "15-th International Conference on Vision Interface",
  MONTH		= "May 27-29",
  ADDRESS	= "Calgary, Canada",
  PAGES		= "192-197",
  YEAR		= 2002 }

@article{Baidyk2004,
  AUTHOR	= "T. Baidyk and E. Kussul and O. Makeley and A. Caballero and L. Ruiz and G. Carrera and G. Velasco",
  TITLE		= "Flat Image recognition in the process of microdevice assembly",
  JOURNAL	= "Pattern Recognition Letters, Elsevier",
  MONTH		= Jan,
  VOLUME	= 25,
  NUMBER	= "1",
  PAGES		= "107-118",
  YEAR		= 2004
}

@inproceedings{Baidyk2001,
  AUTHOR	= "T. Baidyk",
  TITLE		= "Application of Flat Image Recognition Technique for Automation of Micro Device Production",
  BOOKTITLE	= "Proceedings of the International Conference on Advanced Intelligent Mechatronics {AIM01}",
  MONTH		= Jul,
  ADDRESS	= "Italy",
  PAGES		= "488-494",
  YEAR		= 2001
}

@inproceedings{Baidyk2002,
  AUTHOR	= "T. Baidyk and E. Kussul",
  TITLE		= "Application of neural classifier for flat image recognition in the process of microdevice assembly",
  BOOKTITLE	= "Procceding of IEEE International Join Conference on Neural Networks",
  VOLUME	= 1,
  MONTH		= "May 12-17",
  ADDRESS	= "Honolulu, Hawaii, USA",
  PAGES		= "160-164",
  YEAR		= 2002,
  note          = "doi:10.1109/IJCNN.2002.1005462"
}


@inproceedings{Lara-Rosano,
  AUTHOR	= "F. Lara-Rosano and E. Kussul and T. Baidyk and L. Ruiz and A. Caballero and G. Velazco.",
  TITLE		= "Artificial Intelligence Systems in Micromechanics",
  BOOKTITLE	= "The first IFIP International Conference on Artificial Intelligence Applications and Innovations.",
  MONTH		= Aug,
  ADDRESS	= "Toulouse, France",
  PAGES		= "1-10",
  YEAR		= "2004",
  NOTE          = {Ed. By Max Bramer, Boston/Dordrecht/London, Kluwer Academic Publishers.}
}


@inproceedings{Gengis2004,
  AUTHOR	= "G.K. Toledo and E. Kussul and T. Baidyk",
  TITLE		= "Neural classifier {LIRA} for recognition of micro work pieces and their positions in the processes of microassembly and micromanufacturing",
  BOOKTITLE	= "The Seventh All-Ukrainian International Conference on Signal/Image Processing and Pattern Recognition, UkrObraz2004",
  MONTH		= Oct,
  ADDRESS	= "Kiev, Ukraine",
  PAGES		= "17-20",
  YEAR		= 2004 
}


@article{Gengis2006,
  AUTHOR	= "G.K. Toledo and E. Kussul and T. Baidyk",
  TITLE		= "Neural classifier for micro work piece recognition",
  JOURNAL       = "Image and Vision Computing, Elsevier.",
  VOLUME	= 24,
  NUMBER	= "8",
  PAGES		= "827-836",
  YEAR		= "2006"
}

@Article{Gengis2006JART,
  author = 	 {G.K. Toledo and E. Kussul and T. Baidyk},
  title = 	 {Object oriented software for micro work pieces recognition in microassembly},
  journal = 	 {Journal of Applied Research and Technology},
  year = 	 {2006},
  OPTkey = 	 {},
  volume = 	 {4},
  number = 	 {1},
  pages = 	 {59-74},
  month = 	 {April},
  URL = 	 {http://www.cinstrum.unam.mx/jart/vol4_1/40\%20Kahan.pdf},
  OPTannote = 	 {}
}


@InProceedings{Gengis2006SOMI,
  author = 	 {G.K. Toledo},
  title = 	 {Clasificación de piezas mediante un clasificador neuronal artificial},
  OPTcrossref =  {},
  OPTkey = 	 {},
  OPTbooktitle = {},
  OPTpages = 	 {},
  year = 	 {2006},
  OPTeditor = 	 {},
  OPTvolume = 	 {},
  OPTnumber = 	 {},
  OPTseries = 	 {},
  address = 	 {Ensenada, Baja California. México},
  month = 	 {October 22-25},
  organization = {XXI Congreso de instrumentación},
  OPTpublisher = {},
  OPTnote = 	 {},
  OPTannote = 	 {}
}

@techreport{GengisOptik,
  AUTHOR	= "Gengis Kanhg Toledo-Ramírez",
  TITLE		= "Optik. Manual de usuario.",
  INSTITUTION   = "lmm-ccadet-unam",
  YEAR          = 2005,
  NOTE          = ""}


@InProceedings{Kussul1991ANNIE,
  author = 	 {E. M. Kussul and D. A. Rachkovskij and T. N. Baidyk},
  title = 	 {On image texture recognition by associative-projective neurocomputer},
  OPTcrossref =  {},
  OPTkey = 	 {},
  booktitle =    {Proc. of the ANNIE'91 conference ``Intelligent engineering systems through artificial neural networks''},
  pages = 	 {453-458},
  year = 	 1991,
  editor = 	 {},
  OPTvolume = 	 {},
  OPTnumber = 	 {},
  OPTseries = 	 {},
  address = 	 {},
  month = 	 {},
  organization = {ASME Press},
  publisher    = {C.H. Dagli and S. Kumara and Y.C. Shin},
  OPTnote = 	 {},
  OPTannote = 	 {}
}

@InProceedings{Kussul1991NNA,
  author = 	 {E. M. Kussul and D. A. Rachkovskij and T. N. Baidyk},
  title = 	 {Associative-projective neural networks: architecture, implementation, applications},
  OPTcrossref =  {},
  OPTkey = 	 {},
  OPTbooktitle = {},
  pages = 	 {463-476},
  year = 	 {1991},
  editor = 	 {Proc. of Fourth Intern. Conf. "Neural Networks &nd their Applications"},
  OPTvolume = 	 {},
  OPTnumber = 	 {},
  OPTseries = 	 {},
  address = 	 {Nimes, France},
  month = 	 {Nov. 4-8},
  OPTorganization = {},
  OPTpublisher = {},
  OPTnote = 	 {},
  OPTannote = 	 {}
}

@InProceedings{Kussul1994AUIC,
  author = 	 {E. Kussul and T. Baidyk},
  title = 	 {Neural Random Threshold Classifier in {OCR} Application},
  OPTcrossref =  {},
  OPTkey = 	 {},
  OPTbooktitle = {},
  pages = 	 {154-157},
  year = 	 {1994},
  editor = 	 {Proc. of the Second All-Ukrainian Intern. Conf.},
  OPTvolume = 	 {},
  OPTnumber = 	 {},
  OPTseries = 	 {},
  address = 	 {Kiev, Ukraine},
  month = 	 {},
  OPTorganization = {},
  OPTpublisher = {},
  OPTnote = 	 {},
  OPTannote = 	 {}
}

@Article{Kussul1994CS,
  author = 	 {E.Kussul. and T. Baidyk and V. Lukaviteh and D. Rachkovskij},
  title = 	 {Adaptive high performance classifier based on random threshold neurons},
  journal = 	 {Cybernerics and Systems'94},
  year = 	 {1994},
  OPTkey = 	 {},
  OPTvolume = 	 {},
  OPTnumber = 	 {},
  pages = 	 {1687-1695},
  OPTmonth = 	 {},
  note = 	 {in R. Trappl (Ed.) Singapore: World Scientific Publishing Co. Pte. Ltd.},
  OPTannote = 	 {}
}


@InProceedings{Kussul2001,
  author = 	 {E. Kussul and T. Baidyk and L. Kasatkina and V. Lukovich},
  title = 	 {Rosenblatt Perceptrons for Handwritten Digit Recognition},
  OPTcrossref =  {},
  OPTkey = 	 {},
  OPTbooktitle = {},
  pages = 	 {1516-1520},
  year = 	 {2001},
  editor = 	 {Proceedings of International Join Conference on Neural Networks "IJCNN'01"},
  OPTvolume = 	 {},
  OPTnumber = 	 {},
  OPTseries = 	 {},
  address = 	 {Washington. USA},
  month = 	 {July 15-19},
  OPTorganization = {},
  OPTpublisher = {},
  OPTnote = 	 {},
  OPTannote = 	 {}
}


@inproceedings{Kussul2002SMHS,
  AUTHOR	= "E. Kussul and T. Baidyk and L. Ruiz and A. Caballero and G. Velasco",
  TITLE		= "Development of Low Cost Microequipment",
  BOOKTITLE	= "International Symposium on Micromechatronics and Human Science",
  MONTH		=  Oct,
  ADDRESS	= "Nagoya, Japan",
  PAGES		= "125-134",
  YEAR		= 2002 }

@Article{Kussul2003,
  author = 	 {E. Kussul and T. Baidyk},
  title = 	 {Permutative coding technique for handwritten digit recognition system},
  journal = 	 {IEEE},
  year = 	 {2003},
  OPTkey = 	 {},
  OPTvolume = 	 {},
  OPTnumber = 	 {},
  pages = 	 {2163-2168},
  OPTmonth = 	 {},
  OPTnote = 	 {},
  OPTannote = 	 {}
}

@Article{Rachkovskij2001,
  author = 	 {D. Rachkovskij and E. Kussul},
  title = 	 {Binding and Normalization of Binary Sparse Distributed Representations by Context-Depending Thinning},
  journal = 	 {Neural Computation},
  year = 	 {2001},
  OPTkey = 	 {},
  volume = 	 {13},
  OPTnumber = 	 {},
  pages = 	 {411-452},
  OPTmonth = 	 {},
  OPTnote = 	 {},
  OPTannote = 	 {}
}

@TechReport{Kussul1993,
  author = 	 {Ernst Kussul},
  title = 	 {Micromechanics and perspectives of neurocomputing. Neuron-like Networks and Neurocomputers},
  institution =  {Institute of Cybernetics},
  year = 	 {1993},
  OPTkey = 	 {},
  OPTtype = 	 {},
  OPTnumber = 	 {},
  address = 	 {Kiev, Ukraine},
  OPTmonth = 	 {},
  OPTnote = 	 {},
  OPTannote = 	 {},
  pages =        {76-82}
}

@patent{patKussul1998,
  author	= {E.M. Kussul and T.N. Baidyk and D.A.  Rachkovskij and S.A. Talayev},
  title		= {Método de producción de productos micromecánicos.},
  note          = {Patente No. 24091},
  year		= {1998},
  address       = {Ucrania}
}

@patent{patKussul1997,
  author	= {E.M. Kussul and T.N. Baidyk and D.A.  Rachkovskij and S.A. Talayev},
  title		= {Método de manufactura de productos micromecánicos.},
  note          = {Patente No. 96102125.02},
  year		= {1997},
  address       = {Rusia}
}

@Article{Kussul2006IEEE,
  author = 	 {Ernst M. Kussul and Tatiana Baidyk and Donald C. Wunsch II and Oleksandr Makeyev and Anabel Martín},
  title = 	 {Permutative Coding Technique for Image Recognition Systems},
  journal = 	 {IEEE Transactions on neural networks},
  year = 	 {2006},
  OPTkey = 	 {},
  volume = 	 {17},
  number = 	 {6},
  pages = 	 {1566-79},
  month = 	 {november},
  OPTnote = 	 {},
  OPTannote = 	 {}
}


@InProceedings{Kussul2006IJCNN,
  author = 	 {Ernst M. Kussul and Tatiana Baidyk and Donald Wunsch and Oleksandr Makeyev and Anabel Martín},
  title = 	 {Image Recognition Systems Based on Random Local Descriptors},
  OPTcrossref =  {},
  OPTkey = 	 {},
  OPTbooktitle = {},
  pages = 	 {4722-27},
  year = 	 {2006},
  OPTeditor = 	 {},
  OPTvolume = 	 {},
  OPTnumber = 	 {},
  OPTseries = 	 {},
  address = 	 {Vancouver, BC, Canada},
  month = 	 {July 16-21},
  organization = {International Joint Conference on Neural Networks},
  OPTpublisher = {},
  OPTnote = 	 {},
  OPTannote = 	 {}
}


@InProceedings{Kussul2005IJCNN,
  author = 	 {Ernst M. Kussul and Tatiana Baidyk and Donald C. Wunsch II},
  title = 	 {Image Recognition Systems with Permutative Coding},
  OPTcrossref =  {},
  OPTkey = 	 {},
  booktitle =    {International Joint Conference on Neural Networks},
  pages = 	 {1788-93},
  year = 	 {2005},
  OPTeditor = 	 {},
  OPTvolume = 	 {},
  OPTnumber = 	 {},
  OPTseries = 	 {},
  address = 	 {Montreal, Canada},
  month = 	 {July 31},
  organization = {},
  OPTpublisher = {},
  OPTnote = 	 {},
  OPTannote = 	 {}
}

@InProceedings{Kussul2003IJCNN,
  author = 	 {Ernst M. Kussul and Tatiana Baidyk},
  title = 	 {Permutative Coding Technique for handwritten digit recognition},
  OPTcrossref =  {},
  OPTkey = 	 {},
  booktitle =    {International Joint Conference on Neural Networks},
  pages = 	 {2163-2168},
  year = 	 {2003},
  OPTeditor = 	 {},
  volume = 	 {3},
  OPTnumber = 	 {},
  OPTseries = 	 {},
  address = 	 {Portland, Oregon, USA},
  month = 	 {July 20-24},
  OPTorganization = {International Joint Conference on Neural Networks},
  OPTpublisher = {},
  OPTnote = 	 {},
  OPTannote = 	 {}
}

@Article{Baidyk2004WSEAS,
  author = 	 {T. Baidyk and E. Kussul},
  title = 	 {Neural Network based vision system for micro workpieces manufacturing},
  journal = 	 {WSEAS Transactions on Systems},
  year = 	 {2004},
  OPTkey = 	 {},
  volume = 	 {3},
  number = 	 {2},
  pages = 	 {483-488},
  month = 	 {April 2004},
  OPTnote = 	 {},
  OPTannote = 	 {}
}

@InProceedings{Josue2006,
  author = 	 {Josué Enríquez-Zárate and Zaizar Betanzos-Cortés and Gengis Kanhg Toledo-Ramíre},
  title = 	 {Sistema Generador de Bases de Datos para Imágenes: una aplicación con Gambas},
  OPTcrossref =  {},
  OPTkey = 	 {},
  OPTbooktitle = {},
  OPTpages = 	 {},
  year = 	 {2006},
  OPTeditor = 	 {},
  OPTvolume = 	 {},
  OPTnumber = 	 {},
  OPTseries = 	 {},
  address = 	 {Ixtepec, Oaxaca. México.},
  month = 	 {Marzo 2-4},
  organization = {I Simposium de Linux de la Mixteca},
  OPTpublisher = {},
  OPTnote = 	 {},
  OPTannote = 	 {}
}

